<record xmlns="http://www.loc.gov/MARC21/slim" xmlns:xsi="http://www.w3.org/2001/XMLSchema-instance" xsi:schemaLocation="http://www.loc.gov/MARC21/slim http://www.loc.gov/standards/marcxml/schema/MARC21slim.xsd"><leader>02955nam a2200541   4500</leader><controlfield tag="001">002855503</controlfield><controlfield tag="003">NNU</controlfield><controlfield tag="006">m        d        </controlfield><controlfield tag="007">cr cn |||m|||a</controlfield><controlfield tag="008">150110s1957    iq      ob    000 0 arar</controlfield><datafield ind1=" " ind2=" " tag="040"><subfield code="a">NNU</subfield><subfield code="b">eng</subfield><subfield code="e">rda</subfield><subfield code="c">NNU</subfield></datafield><datafield ind1=" " ind2=" " tag="043"><subfield code="a">e-sp---</subfield></datafield><datafield ind1=" " ind2="4" tag="050"><subfield code="a">PJ7755.I199</subfield><subfield code="b">Z7</subfield></datafield><datafield ind1="0" ind2="0" tag="050"><subfield code="a">PJ7755.I197</subfield><subfield code="b">Z73</subfield></datafield><datafield ind1="1" ind2=" " tag="100"><subfield code="6">880-01</subfield><subfield code="a">Kha&#772;lis&#803;, S&#803;ala&#772;h&#803;,</subfield><subfield code="e">author.</subfield></datafield><datafield ind1="1" ind2="0" tag="245"><subfield code="6">880-02</subfield><subfield code="a">Muh&#803;ammad ibn &#699;Amma&#772;r al-Andalusi&#772;,</subfield><subfield code="b">dira&#772;sah adabi&#772;yah ta&#700;ri&#772;khi&#772;yah li-alma&#700; shakhs&#803;i&#772;yah siya&#772;si&#772;yah fi&#772; ta&#700;ri&#772;kh dawlat Bani&#772; &#699;Abba&#772;d fi&#772; Ishbi&#772;li&#772;yah.</subfield><subfield code="c">Ta&#700;li&#772;f S&#803;ala&#772;h&#803; Kha&#772;lis&#803;.</subfield></datafield><datafield ind1=" " ind2="1" tag="264"><subfield code="6">880-03</subfield><subfield code="a">Baghda&#772;d,</subfield><subfield code="b">Mat&#803;ba&#699;ah al-Hadi&#772;,</subfield><subfield code="c">1957.</subfield></datafield><datafield ind1=" " ind2=" " tag="300"><subfield code="a">online resource (337 pages)</subfield></datafield><datafield ind1=" " ind2=" " tag="336"><subfield code="a">text</subfield><subfield code="2">rdacontent</subfield></datafield><datafield ind1=" " ind2=" " tag="337"><subfield code="a">computer</subfield><subfield code="2">rdamedia</subfield></datafield><datafield ind1=" " ind2=" " tag="338"><subfield code="a">online resource</subfield><subfield code="2">rdacarrier</subfield></datafield><datafield ind1="1" ind2=" " tag="490"><subfield code="6">880-04</subfield><subfield code="a">H&#803;aya&#772;h al-adabi&#772;yah fi&#772; Ishbi&#772;li&#772;yah fi&#772; al-qarn al-kha&#772;mis ;</subfield><subfield code="v">3</subfield></datafield><datafield ind1=" " ind2=" " tag="500"><subfield code="a">Part of the Arabic Collections Online (ACO) project, contributed by New York Univeristy Libraries.</subfield></datafield><datafield ind1=" " ind2=" " tag="504"><subfield code="a">Includes bibliographical references (pages 334-337).</subfield></datafield><datafield ind1=" " ind2=" " tag="533"><subfield code="a">Electronic reproduction.</subfield><subfield code="b">New York, N.Y. :</subfield><subfield code="c">New York University,</subfield><subfield code="d">2015.</subfield><subfield code="5">NNU</subfield></datafield><datafield ind1="1" ind2="0" tag="600"><subfield code="6">880-05</subfield><subfield code="a">Ibn &#699;Amma&#772;r, Muh&#803;ammad,</subfield><subfield code="d">1030 or 1031-1084 or 1085.</subfield></datafield><datafield ind1=" " ind2="0" tag="650"><subfield code="a">Poets, Arab</subfield><subfield code="z">Spain</subfield><subfield code="v">Biography.</subfield></datafield><datafield ind1=" " ind2="0" tag="650"><subfield code="a">Abbadides.</subfield></datafield><datafield ind1="1" ind2="7" tag="600"><subfield code="a">Ibn &#699;Amma&#772;r, Muh&#803;ammad,</subfield><subfield code="d">1030 or 1031-1084 or 1085</subfield><subfield code="2">fast</subfield><subfield code="0">(OCoLC)fst01825408</subfield></datafield><datafield ind1=" " ind2="7" tag="650"><subfield code="a">Abbadides.</subfield><subfield code="2">fast</subfield><subfield code="0">(OCoLC)fst00794210</subfield></datafield><datafield ind1=" " ind2="7" tag="650"><subfield code="a">Poets, Arab.</subfield><subfield code="2">fast</subfield><subfield code="0">(OCoLC)fst01067812</subfield></datafield><datafield ind1=" " ind2="7" tag="651"><subfield code="a">Spain.</subfield><subfield code="2">fast</subfield><subfield code="0">(OCoLC)fst01204303</subfield></datafield><datafield ind1=" " ind2="7" tag="655"><subfield code="a">Biography.</subfield><subfield code="2">fast</subfield><subfield code="0">(OCoLC)fst01423686</subfield></datafield><datafield ind1="1" ind2=" " tag="700"><subfield code="6">880-06</subfield><subfield code="a">Ibn &#699;Amma&#772;r, Muh&#803;ammad,</subfield><subfield code="d">1030 or 1031-1084 or 1085.</subfield></datafield><datafield ind1="2" ind2=" " tag="710"><subfield code="a">New York University.</subfield><subfield code="b">Libraries.</subfield></datafield><datafield ind1="0" ind2=" " tag="730"><subfield code="a">Arabic Collections Online.</subfield></datafield><datafield ind1="0" ind2="8" tag="776"><subfield code="i">Print version:</subfield><subfield code="a">Kha&#772;lis&#803;, S&#803;ala&#772;h&#803;, author.</subfield><subfield code="t">Muh&#803;ammad ibn &#699;Amma&#772;r al-Andalusi&#772;</subfield><subfield code="w">(NNU)002855503</subfield><subfield code="w">(DLC)ne 67001689</subfield></datafield><datafield ind1="4" ind2="0" tag="856"><subfield code="u">http://hdl.handle.net/2333.1/pnvx0n46</subfield></datafield><datafield ind1="1" ind2=" " tag="880"><subfield code="6">100-01/</subfield><subfield code="a">&#1582;&#1575;&#1604;&#1589;&#1548; &#1589;&#1604;&#1575;&#1581;&#1548;</subfield><subfield code="e">author.</subfield></datafield><datafield ind1="1" ind2="0" tag="880"><subfield code="6">245-02/</subfield><subfield code="a">&#1605;&#1581;&#1605;&#1583; &#1576;&#1606; &#1593;&#1605;&#1575;&#1585; &#1575;&#1604;&#1571;&#1606;&#1583;&#1604;&#1587;&#1610;&#1548;</subfield><subfield code="b">&#1583;&#1585;&#1575;&#1587;&#1577; &#1575;&#1583;&#1576;&#1610;&#1577; &#1578;&#1571;&#1585;&#1610;&#1582;&#1610;&#1577; &#1604;&#1575;&#1604;&#1605;&#1571; &#1588;&#1582;&#1589;&#1610;&#1577; &#1587;&#1610;&#1575;&#1587;&#1610;&#1577; &#1601;&#1610; &#1578;&#1571;&#1585;&#1610;&#1582; &#1583;&#1608;&#1604;&#1577; &#1576;&#1606;&#1610; &#1593;&#1576;&#1575;&#1583; &#1601;&#1610; &#1573;&#1588;&#1576;&#1610;&#1604;&#1610;&#1577;.</subfield><subfield code="c">&#1578;&#1571;&#1604;&#1610;&#1601; &#1589;&#1604;&#1575;&#1581; &#1582;&#1575;&#1604;&#1589;.</subfield></datafield><datafield ind1=" " ind2="1" tag="880"><subfield code="6">264-03/</subfield><subfield code="a">&#1576;&#1594;&#1583;&#1575;&#1583;&#1548;</subfield><subfield code="b">&#1605;&#1591;&#1576;&#1593;&#1577; &#1575;&#1604;&#1607;&#1583;&#1610;&#1548;</subfield><subfield code="c">1957.</subfield></datafield><datafield ind1="1" ind2=" " tag="880"><subfield code="6">490-04/</subfield><subfield code="a">&#1581;&#1610;&#1575;&#1577; &#1575;&#1604;&#1575;&#1583;&#1576;&#1610;&#1577; &#1601;&#1610; &#1573;&#1588;&#1576;&#1610;&#1604;&#1610;&#1577; &#1601;&#1610; &#1575;&#1604;&#1602;&#1585;&#1606; &#1575;&#1604;&#1582;&#1575;&#1605;&#1587; &#1563;</subfield><subfield code="v">3</subfield></datafield><datafield ind1="1" ind2="4" tag="880"><subfield code="6">600-05/</subfield><subfield code="a">&#1575;&#1576;&#1606; &#1593;&#1605;&#1575;&#1585;&#1548; &#1605;&#1581;&#1605;&#1583;&#1548;,</subfield><subfield code="d">1030 or 1031-1084 or 1085.</subfield></datafield><datafield ind1="0" ind2=" " tag="880"><subfield code="6">700-06/</subfield><subfield code="a">&#1573;&#1576;&#1606; &#1593;&#1605;&#1575;&#1585;&#1548; &#1605;&#1581;&#1605;&#1583;.</subfield></datafield><datafield ind1="1" ind2=" " tag="800"><subfield code="6">880-07</subfield><subfield code="a">Kha&#772;lis&#803;, S&#803;ala&#772;h&#803;.</subfield><subfield code="t">H&#803;aya&#772;h al-adabi&#772;yah fi&#772; Ishbi&#772;li&#772;yah fi&#772; al-qarn al-kha&#772;mis ;</subfield><subfield code="v">3.</subfield></datafield><datafield ind1="1" ind2=" " tag="880"><subfield code="6">800-07/</subfield><subfield code="a">&#1582;&#1575;&#1604;&#1589;&#1548; &#1589;&#1604;&#1575;&#1581;.</subfield><subfield code="t">&#1581;&#1610;&#1575;&#1577; &#1575;&#1604;&#1571;&#1583;&#1576;&#1610;&#1577; &#1601;&#1610; &#1573;&#1588;&#1576;&#1610;&#1604;&#1610;&#1577; &#1601;&#1610; &#1575;&#1604;&#1602;&#1585;&#1606; &#1575;&#1604;&#1582;&#1575;&#1605;&#1587; &#1563;</subfield><subfield code="v">3.</subfield></datafield><datafield ind1=" " ind2=" " tag="959"><subfield code="a">NNU</subfield><subfield code="b">WEB</subfield><subfield code="c">GENI</subfield><subfield code="t">0</subfield><subfield code="m">Electronic access</subfield><subfield code="s">01</subfield></datafield><datafield ind1=" " ind2=" " tag="999"><subfield code="i">NNU_002855503</subfield><subfield code="o" /></datafield></record>